<record><leader>00000cas a22000007a 4500</leader><controlfield tag="001">8804651</controlfield><controlfield tag="008">820924d18381840inuwr ne      0   a0eng  </controlfield><controlfield tag="009">466</controlfield><datafield ind1=" " ind2=" " tag="010"><subfield code="a">sn 82015013 </subfield><subfield code="z">   82015013 </subfield></datafield><datafield ind1=" " ind2=" " tag="040"><subfield code="a">DLC</subfield><subfield code="b">eng</subfield><subfield code="c">DLC</subfield><subfield code="d">NPX</subfield><subfield code="d">NPI</subfield><subfield code="d">DLC</subfield></datafield><datafield ind1="1" ind2=" " tag="029"><subfield code="a">AU@</subfield><subfield code="b">000025825916</subfield></datafield><datafield ind1=" " ind2=" " tag="042"><subfield code="a">msc</subfield></datafield><datafield ind1="0" ind2="0" tag="050"><subfield code="a">Newspaper 7701-X</subfield></datafield><datafield ind1="0" ind2="0" tag="245"><subfield code="a">Rising Sun journal.</subfield></datafield><datafield ind1="0" ind2="3" tag="246"><subfield code="a">Rising Sun journal and family newspaper</subfield></datafield><datafield ind1=" " ind2=" " tag="260"><subfield code="a">Rising Sun, Ind. :</subfield><subfield code="b">J.B. Hall,</subfield><subfield code="c">1838-1840.</subfield></datafield><datafield ind1=" " ind2=" " tag="300"><subfield code="a">2 v. :</subfield><subfield code="b">ill. (chiefly advertisements) ;</subfield><subfield code="c">52 cm.</subfield></datafield><datafield ind1=" " ind2=" " tag="310"><subfield code="a">Weekly</subfield></datafield><datafield ind1="0" ind2=" " tag="362"><subfield code="a">Vol. 1, no. 1 (Sept. 12, 1838)-v. 2, no. 52 (Sept. 12, 1840).</subfield></datafield><datafield ind1=" " ind2=" " tag="500"><subfield code="a">Publishers: William P. Stratton, 1838-1839; J.B. Hall, 1839-1840.</subfield></datafield><datafield ind1=" " ind2=" " tag="500"><subfield code="a">Called also: Jan. 1839-Sept. 1839, Rising Sun journal and family newspaper.</subfield></datafield><datafield ind1=" " ind2=" " tag="500"><subfield code="a">Subtitle: Vol. 1, "Variety's the spice of life, that gives it all its flavor.</subfield></datafield><datafield ind1=" " ind2=" " tag="500"><subfield code="a">Subtitle: Vol. 2, "While I have liberty to write, I will write for liberty."</subfield></datafield><datafield ind1=" " ind2=" " tag="500"><subfield code="a">Until March 1, 1844, Ohio County was part of Dearborn County.</subfield></datafield><datafield ind1=" " ind2=" " tag="752"><subfield code="a">United States</subfield><subfield code="b">Indiana</subfield><subfield code="c">Dearborn</subfield><subfield code="d">Rising Sun.</subfield></datafield><datafield ind1=" " ind2=" " tag="752"><subfield code="a">United States</subfield><subfield code="b">Indiana</subfield><subfield code="c">Ohio</subfield><subfield code="d">Rising Sun.</subfield></datafield><datafield ind1="0" ind2="0" tag="785"><subfield code="t">Indiana patriot (Rising sun, Ind.)</subfield><subfield code="w">(DLC)sn 85047690</subfield></datafield></record>